<?xml version="1.0" encoding="UTF-8"?><collection xmlns="http://www.loc.gov/MARC21/slim"><record><leader>00514nam--2200181-i-4500</leader><controlfield tag="001">000041494</controlfield><controlfield tag="002">20161230</controlfield><controlfield tag="005">20161230201043</controlfield><controlfield tag="008">060222s1000------------r-----000-0-eng-d</controlfield><datafield ind1=" " ind2=" " tag="040"><subfield code="a">IFIN-HH</subfield></datafield><datafield ind1=" " ind2=" " tag="080"><subfield code="a">532.5</subfield></datafield><datafield ind1="1" ind2=" " tag="100"><subfield code="a">Shivamoggi,Bhimsen K</subfield></datafield><datafield ind1="1" ind2="0" tag="245"><subfield code="a">Theoretical fluid dynamics</subfield><subfield code="c">Bhimsen k. shivamoggi</subfield></datafield><datafield ind1=" " ind2=" " tag="260"><subfield code="a">Dordrecht, Martinus Nijhoff Publishers,1985</subfield></datafield><datafield ind1=" " ind2=" " tag="300"><subfield code="a">XVIII + 429 P</subfield></datafield><datafield ind1=" " ind2=" " tag="490"><subfield code="a">Mechanics Of Fluids And Tran Sport Processes</subfield></datafield><datafield ind1=" " ind2=" " tag="852"><subfield code="a">73152</subfield><subfield code="c">532</subfield></datafield><datafield ind1=" " ind2=" " tag="CAT"><subfield code="a">Sys</subfield><subfield code="c">20100723</subfield><subfield code="h">125107</subfield></datafield></record></collection>